@BOOK{bioconductor,
 title = {{Bioinformatics and computational biology solutions using R and bioconductor}},
 publisher = {Springer},
 year = {2005},
 author = {Gentleman, R. and Carey, V. and Huber, W. and Irizarry, R. and Dudoit,
       S.}
}

@MISC{tcltk2,
 year = {2006},
 author = {Philippe Grosjean},
 title = {tcltk2},
 owner = {larman},
 timestamp = {2006.10.05},
 url = {http://cran.r-project.org/src/contrib/Descriptions/tcltk2.html}
}

@book{GTK,
 title={{Foundations of GTK+ Development}},
 author={Krause, A.},
 year={2007},
 publisher={Apress}
}

@misc{gtksharp,
 title={{Using the Gtk toolkit with Mono}},
 year = {2004},
 author={Bernstein Niel, M.},
 publisher={O'Reilly ONDotNet}
}

@MANUAL{R,
 title = {R: A Language and Environment for Statistical Computing},
 author = {{R Development Core Team}},
 organization = {R Foundation for Statistical Computing},
 address = {Vienna, Austria},
 year = {2005},
 note = {{ISBN} 3-900051-07-0},
 url = {http://www.R-project.org}
}

@INCOLLECTION{limma,
 author = {Smyth, G. K.},
 title = {Limma: linear models for microarray data},
 booktitle = {Bioinformatics and Computational Biology Solutions using R and Bioconductor},
 publisher = {Springer},
 year = {2005},
 editor = {R. Gentleman and V. Carey and S. Dudoit and R. Irizarry and W. Huber},
 pages = {397-420},
 journal = {Bioinformatics and Computational Biology Solutions using R and Bioconductor},
 owner = {larman},
 timestamp = {2006.04.21}
}

@MISC{RGCCTU,
 year = {2006},
 author = {Temple Lang, Duncan},
 title = {{RGCCTranslationUnit}},
 owner = {larman},
 timestamp = {2007.03.07},
 url = {http://www.omegahat.org/RGCCTranslationUnit/}
}

@MISC{RGtk,
 year = {2001-2005},
 author = {Temple Lang, Duncan},
 title = {{RG}tk},
 owner = {larman},
 timestamp = {2006.08.21},
 url = {http://www.omegahat.org/RGtk}
}

@MISC{RSPython,
 year = {2005},
 author = {Temple Lang, Duncan},
 title = {{RSP}ython},
 owner = {larman},
 timestamp = {2006.08.21},
 url = {http://www.omegahat.org/RSPython}
}

@MISC{RwxWidgets,
 year = {2007},
 author = {Temple Lang, Duncan},
 title = {{R}wx{W}idgets},
 owner = {larman},
 timestamp = {2006.10.05},
 url = {http://www.omegahat.org/RwxWidgets/}
}

@MISC{sjava,
 year = {2006},
 author = {Temple Lang, Duncan},
 title = {{SJ}ava},
 owner = {larman},
 timestamp = {2006.10.05},
 url = {http://www.omegahat.org/RSJava/}
}

@MISC{RGdkPixbuf,
 year = {2006},
 author = {Temple Lang, Duncan},
 title = {{RG}dk{P}ixbuf},
 owner = {larman},
 timestamp = {2006.10.05},
 url = {http://www.omegahat.org/RGdkPixbuf/}
}

@MISC{RGtkGlade,
 year = {2006},
 author = {Temple Lang, Duncan},
 title = {{RG}tk{G}lade},
 owner = {larman},
 timestamp = {2006.10.05},
 url = {http://www.omegahat.org/RGtkGlade/}
}

@techreport{gstreamer,
 title={{GStreamer-GNOME Goes Multimedia}},
 author={Walthinsen, E.},
 institution={GUADEC},
 year = {2001},
 month = {April}
}


@INPROCEEDINGS{xfce,
 title = {Xfce : A Lightweight Desktop Environment},
 year = {2000},
 author = {Fourdan, Olivier},
 booktitle = {Proceedings of the 4th Annual Linux Showcase, Atlanta},
}

@MISC{rcocoa,
 year = {2007},
 author = {Simon Urbanek},
 title = {Cocoa {R} package},
 owner = {larman},
 timestamp = {2006.10.05},
 url = {http://stats.math.uni-augsburg.de/R/Cocoa/}
}

@MISC{rjava,
 year = {2006},
 author = {Simon Urbanek},
 title = {r{J}ava},
 owner = {larman},
 timestamp = {2006.10.05},
 url = {http://rosuda.org/rJava/}
}

@MISC{gWidgets,
 year = {2007},
 author = {John Verzani},
 title = {{The gWidgets toolkit}},
 owner = {larman},
 timestamp = {2006.08.21},
 url = {http://www.math.csi.cuny.edu/pmg}
}

@MISC{pmg,
 year = {2007},
 author = {John Verzani},
 title = {{The Poor Man's GUI}},
 owner = {larman},
 timestamp = {2006.08.21},
 url = {http://www.math.csi.cuny.edu/pmg}
}

@MISC{vala,
 year = {2007},
 author = {Billeter, Jurg},
 title = {{Vala - Compiler for the GObject Type System}},
 owner = {larman},
 timestamp = {2006.08.21},
 url = {http://live.gnome.org/Vala}
}

@MISC{ggobi-beta,
 year = {2007},
 author = {Lawrence, Michael and Wickham, Hadley and Cook, Dianne},
 title = {{GGobi Beta Homepage}},
 owner = {larman},
 timestamp = {2006.08.21},
 url = {http://www.ggobi.org/beta}
}

@MISC{playwith,
 year = {2007},
 author = {Andrews, Felix},
 title = {{The playwith Package}},
 url = {http://cran.r-project.org/src/contrib/Descriptions/playwith.html}
}

@article{rggobi,
 title={{GGobi meets R: an extensible environment for interactive dynamic data visualization}},
 author={Temple Lang, D. and Swayne, D.F.},
 journal={Proceedings of DSC},
 pages={2},
 year={2001}
}

@MISC{rattle,
 author = {Graham Williams},
 title = {Rattle: {GNOME} {R} data mining},
 year = {2006},
 owner = {larman},
 timestamp = {2006.10.05},
 url = {http://rattle.togaware.com/}
}

@MISC{atk,
 year = {2007},
 author = {{ATK}},
 title = {The {A}ccessibility {T}ool {K}it},
 owner = {larman},
 timestamp = {2006.10.05},
 url = {http://developer.gnome.org/projects/gap/}
}

@MISC{gobject,
 year = {2007},
 author = {{GObject}},
 title = {The G{O}bject Reference Manual},
 owner = {larman},
 timestamp = {2006.10.05},
 url = {http://developer.gnome.org/doc/API/2.0/gobject/index.html}
}

@MISC{gidl,
 year = {2005},
 author = {{GIDL}},
 title = {GIDL DTD},
 url = {http://svn.gnome.org/viewcvs/gobject-introspection/trunk/gidl.dtd}
}

@MISC{cairo,
 year = {2007},
 author = {Cairo},
 title = {Cairo vector graphics library},
 owner = {larman},
 timestamp = {2006.10.05},
 url = {http://www.cairographics.org}
}

@MISC{gdkpixbuf,
 year = {2007},
 author = {Gdk{P}ixbuf},
 title = {Gdk{P}ixbuf image manipulation library},
 owner = {larman},
 timestamp = {2006.10.05},
 url = {http://developer.gnome.org/arch/imaging/gdkpixbuf.html}
}

@MISC{libglade,
 year = {2002},
 author = {Libglade},
 title = {Libglade {GUI} construction library},
 owner = {larman},
 timestamp = {2006.10.05},
 url = {http://www.jamesh.id.au/software/libglade/}
}

@MISC{pango,
 year = {2007},
 author = {Pango},
 title = {Pango library for internationalized layout and rendering of text},
 owner = {larman},
 timestamp = {2006.10.05},
 url = {http://www.pango.org/}
}

@article{PyGTK,
 title={{Examining the PyGtk Toolkit}},
 author={Chapman, M. and Kelley, B.},
 journal={Dr. Dobb's Journal of Software Tools},
 volume={25},
 number={4},
 pages={82},
 year = {2000}
}

@ARTICLE{Rnews:Dalgaard:2001a,
 AUTHOR = {Peter Dalgaard},
 TITLE = {A Primer on the {R-Tcl/Tk} Package},
 JOURNAL = {R News},
 YEAR = 2001,
 VOLUME = 1,
 NUMBER = 3,
 PAGES = {27--31},
 MONTH = {September},
 URL = {http://CRAN.R-project.org/doc/Rnews/},
 PDF = {http://CRAN.R-project.org/doc/Rnews/Rnews_2001-3.pdf}
}

@ARTICLE{Rnews:Dalgaard:2002,
 AUTHOR = {Peter Dalgaard},
 TITLE = {Changes to the {R-Tcl/Tk} package},
 JOURNAL = {R News},
 YEAR = 2002,
 VOLUME = 2,
 NUMBER = 3,
 PAGES = {25--27},
 MONTH = {December},
 URL = {http://CRAN.R-project.org/doc/Rnews/},
 PDF = {http://CRAN.R-project.org/doc/Rnews/Rnews_2002-3.pdf}
}

@book{ousterhout,
 title={{Tcl and the Tk toolkit}},
 author={Ousterhout, J.K.},
 year={1994},
 publisher={Addison-Wesley Reading, Mass}
}


@book{welch,
 title={{Practical Programming in TCL and TK}},
 author={Welch, B.B.},
 year={2003},
 publisher={Prentice Hall PTR}
}

@MISC{tcltk-tile,
 year = {2007},
 author = {Tile},
 title = {Tile extension to tcl/tk},
 owner = {larman},
 timestamp = {2006.10.05},
 url = {http://tktable.sourceforge.net/tile/}
}

@book{wxwidgets,
 title={{Cross-Platform GUI Programming with wxWidgets}},
 author={Smart, J. and Hock, K. and Csomor, S.},
 year={2005},
 publisher={Prentice Hall PTR}
}

@INPROCEEDINGS{gui-cli,
 author = {Antony Unwin and Heike Hofmann},
 title = {GUI and Command-line - Conflict or Synergy?},
 booktitle = {Computing Science and Statistics},
 year = {1999},
 editor = {K. Berk and M. Pourahmadi}
}


@book{JMP,
 author = {JMP, Version 7},
 year = {1989-2007},
 publisher = {{SAS Institute}},
 title = {JMP: Statistical Discovery Software, Version 7},
 url = {http://www.jmp.com/}
}

@MISC{WIMP,
 year = {2007},
 author = {Penners, R.},
 title = {{GTK-WIMP (Windows Impersonator)}},
 url = {http://gtk-wimp.sourceforge.net/}
}


@article{rcmndr,
  author =	"John  Fox",
  title =	"The R Commander: A Basic-Statistics Graphical User Interface to R",
  journal =	"Journal of Statistical Software",
  volume =	"14",
  number =	"9",
  pages =	"??--??",
  day =  	"19",
  month =	"8",
  year = 	"2005",
  CODEN =	"JSSOBK",
  ISSN = 	"1548-7660",
  bibdate =	"2005-08-19",
  URL =  	"http://www.jstatsoft.org/v14/i09",
  accepted =	"2005-08-19",
  acknowledgement = "",
  keywords =	"",
  submitted =	"2004-07-22",
}

@MISC{gtkDevice,
 year = {2005},
 author = {Drake, L. and Plummer, M. and Temple Lang, D.},
 title = {{gtkDevice: Loadable and embeddable gtk device driver for R}},
 url = {http://cran.r-project.org/src/contrib/Descriptions/gtkDevice.html}
}

@MISC{cairoDevice,
 year = {2008},
 author = {Lawrence, M.},
 title = {{cairoDevice: Cairo-based cross-platform antialiased graphics device driver}},
 url = {http://cran.r-project.org/src/contrib/Descriptions/cairoDevice.html}
}

@MISC{tkrplot,
 year = {2007},
 author = {Tierney, L.},
 title = {{tkrplot: TK Rplot}},
 url = {http://cran.r-project.org/src/contrib/Descriptions/tkrplot.html}
}

@INPROCEEDINGS{JGR,
 year = {2004},
 author = {Helbig, M. and Urbanek, S. and Theus, M.},
 title = {{JGR: A Unified Interface to R}},
 booktitle = {{Proceedings of useR! 2004}},
 url = {http://www.ci.tuwien.ac.at/Conferences/useR-2004/}
}

@INPROCEEDINGS{explorase,
 author = {Lawrence, M. and Lee, E.K. and Cook, D. and Hofmann, H. and Wurtele,
       E.},
 title = {{exploRase: Exploratory Data Analysis of Systems Biology Data}},
 booktitle = {Proceedings of the Fourth International Conference on Coordinated
       \& Multiple Views in Exploratory Visualization},
 year = {2006},
 pages = {14--20},
 publisher = {IEEE Computer Society Washington, DC, USA}
}

@ARTICLE{XML,
 author = {Temple Lang, D.},
 title = {Using {XML} for Statistics: The {XML} Package},
 journal = {R News},
 year = 2001,
 volume = 1,
 number = 1,
 pages = {24--27},
 month = {January},
 url = {http://CRAN.R-project.org/doc/Rnews/},
 pdf = {http://CRAN.R-project.org/doc/Rnews/Rnews_2001-1.pdf}
}

@MISC{DCOM,
 year = {2007},
 author = {{Microsoft Corporation}},
 title = {{Distributed Component Object Model (DCOM) for Windows 98}},
 url = {http://www.microsoft.com/com/default.mspx}
}

@MISC{Java,
 year = {2007},
 author = {{Sun Microsystems}},
 title = {{Java}},
 url = {http://www.java.com/}
}

@MISC{RDCOM,
 year = {2005},
 author = {Temple Lang, D.},
 title = {{RDCOM bundle of packages}},
 url = {http://www.omegahat.org/RDCOMBundle}
}

@Manual{RDCOMEvents,
 year = {2005},
 author = {Temple Lang, D.},
 title = {{RDCOMEvents}},
 note =         {\proglang{R}~package version~0.3-1},
 url = {http://www.omegahat.org/RDCOMEvents/}
}

@MISC{RDCOM2,
 year = {2007},
 author = {Baier, T. and Neuwirth, E.},
 title = {{R (D)COM Server and RExcel packages}},
 url = {http://sunsite.univie.ac.at/rcom/}
}

@INPROCEEDINGS{simpleR,
 year = {2006},
 author = {Gunther Maier},
 title = {{simpleR: a Windows GUI for R}},
 booktitle = {{Proceedings of useR! 2006}},
 url = {http://www-sre.wu-wien.ac.at/SimpleR/}
}

@MISC{GAPI,
 year = {2008},
 author = {Mono Project},
 title = {GAPI},
 url = {http://www.mono-project.com/GAPI}
}

@Manual{REventLoop,
  title =        {{REventLoop}},
  author =       {Duncan Temple Lang},
  year =         {2003},
  note =         {\proglang{R}~package version~0.2-3},
  url =          {http://www.omegahat.org/REventLoop/},
}
