@Misc{iWidgets,
  author = 	 {Simon Urbanek},
  title = 	 {iWidgets - basic GUI widgets for R},
  howpublished = {\url{http://www.rforge.net/iWidgets/index.html}}}


